@book{dummit_foote,
  title={Abstract Algebra},
  author={Dummit, David S. and Foote, Richard M.},
  year={2004},
  edition={3},
  publisher={John Wiley \& Sons},
  isbn={978-0471433347},
}

@book{fraleigh,
  title={A First Course in Abstract Algebra},
  author={Fraleigh, John B.},
  year={2002},
  edition={7},
  publisher={Addison-Wesley},
  isbn={978-0201763904},
}

@book{gallian,
  title={Contemporary Abstract Algebra},
  author={Gallian, Joseph A.},
  year={2016},
  edition={9},
  publisher={Cengage Learning},
  isbn={978-1305657960},
}

@book{artin,
  title={Algebra},
  author={Artin, Michael},
  year={2010},
  edition={2},
  publisher={Pearson},
  isbn={978-0132413770},
}

@book{isaacs,
  title={Algebra: A Graduate Course},
  author={Isaacs, I. Martin},
  year={2009},
  publisher={American Mathematical Society},
  isbn={978-0821847992},
}
